<record xmlns='http://www.loc.gov/MARC21/slim'><leader>01458ced a2200337 a 4500</leader><controlfield tag='001'>4318191</controlfield><controlfield tag='005'>20200629232416.0</controlfield><controlfield tag='007'>aj aanzn</controlfield><controlfield tag='008'>080305q18901899xna       a     0   eng  </controlfield><datafield ind1='0' ind2=' ' tag='034'><subfield code='a'>a</subfield><subfield code='d'>E1501700</subfield><subfield code='e'>E1501700</subfield><subfield code='f'>S0334000</subfield><subfield code='g'>S0334000</subfield></datafield><datafield ind1=' ' ind2=' ' tag='035'><subfield code='9'>[Loose-leaf Ferguson sales plans]</subfield></datafield><datafield ind1=' ' ind2=' ' tag='035'><subfield code='a'>4318191</subfield></datafield><datafield ind1=' ' ind2=' ' tag='040'><subfield code='a'>ANL</subfield><subfield code='b'>eng</subfield><subfield code='d'>ANL</subfield></datafield><datafield ind1=' ' ind2=' ' tag='042'><subfield code='a'>anuc</subfield></datafield><datafield ind1=' ' ind2=' ' tag='043'><subfield code='a'>u-at-ne</subfield></datafield><datafield ind1='2' ind2=' ' tag='045'><subfield code='b'>d1890</subfield><subfield code='b'>d1899</subfield></datafield><datafield ind1='2' ind2=' ' tag='110'><subfield code='a'>Hardie &amp; Gorman Pty. Ltd.</subfield></datafield><datafield ind1='1' ind2='0' tag='245'><subfield code='a'>Medlow Grange Estate</subfield><subfield code='h'>[cartographic material] :</subfield><subfield code='b'>for sale by auction /</subfield><subfield code='c'>by Hardie and Gorman.</subfield></datafield><datafield ind1=' ' ind2=' ' tag='255'><subfield code='a'>Scale not given</subfield><subfield code='c'>(E 150°17&apos;/S 33°40&apos;).</subfield></datafield><datafield ind1=' ' ind2=' ' tag='260'><subfield code='a'>Sydney :</subfield><subfield code='b'>McCarron, Stewart &amp; Co.,</subfield><subfield code='c'>[189-?]</subfield></datafield><datafield ind1=' ' ind2=' ' tag='300'><subfield code='a'>1 map ;</subfield><subfield code='c'>84.3 x 50.9 cm., on sheet 91.3 x 58.4 cm.</subfield></datafield><datafield ind1=' ' ind2=' ' tag='500'><subfield code='a'>Sales plan for land in the Medlow Bath region of New South Wales.</subfield></datafield><datafield ind1=' ' ind2=' ' tag='500'><subfield code='a'>&quot;9 magnificent residential allotments from 2 1/2 to 5 3/4 acres&quot;.</subfield></datafield><datafield ind1='2' ind2=' ' tag='505'><subfield code='a'>Inset: Local sketch.</subfield></datafield><datafield ind1=' ' ind2=' ' tag='530'><subfield code='3'>MAP LFSP 1539, Folder 102 copy</subfield><subfield code='a'>Also available online</subfield><subfield code='u'>https://nla.gov.au/nla.obj-230299739</subfield></datafield><datafield ind1=' ' ind2='0' tag='650'><subfield code='a'>Real property</subfield><subfield code='z'>New South Wales</subfield><subfield code='z'>Medlow Bath</subfield><subfield code='v'>Maps.</subfield></datafield><datafield ind1=' ' ind2='0' tag='651'><subfield code='a'>Medlow Bath (N.S.W.)</subfield><subfield code='v'>Maps.</subfield></datafield><datafield ind1='2' ind2=' ' tag='710'><subfield code='a'>McCarron, Stewart &amp; Co.</subfield></datafield><datafield ind1=' ' ind2='0' tag='830'><subfield code='a'>Loose-leaf Ferguson sales plans.</subfield><subfield code='5'>ANL</subfield></datafield><datafield ind1='4' ind2='1' tag='856'><subfield code='z'>National Library of Australia digitised item. MAP LFSP 1539, Folder 102 copy</subfield><subfield code='u'>https://nla.gov.au/nla.obj-230299739</subfield><subfield code='x'>fulltext</subfield></datafield><datafield ind1='0' ind2=' ' tag='973'><subfield code='i'>In collection:</subfield><subfield code='t'>[Loose-leaf Ferguson sales plans]</subfield><subfield code='w'>(AuCNL)4492592</subfield></datafield><datafield ind1='f' ind2='f' tag='999'><subfield code='i'>3dbdf358-f125-54e7-b12e-161e3fc5b9c7</subfield><subfield code='s'>a48d97d7-83c2-5fa4-9e76-c6c8b3abbdf0</subfield></datafield><datafield ind1='f' ind2='f' tag='952'><subfield code='a'>National Library of Australia</subfield><subfield code='b'>Parkes</subfield><subfield code='c'>Parkes</subfield><subfield code='d'>Special Collections Reading Room - Conditions may apply (RARE MAP [LG1])</subfield><subfield code='e'>MAP LFSP 1539, Folder 102</subfield><subfield code='h'>Other scheme</subfield><subfield code='i'>Monograph</subfield><subfield code='m'>bbd3d8a1-d786-5423-95e4-f5864e217844</subfield></datafield></record>